@article{bastardie2014displace,
  title={DISPLACE: a dynamic, individual-based model for spatial fishing planning and effort displacementâ€”integrating underlying fish population models},
  author={Bastardie, Francois and Nielsen, J Rasmus and Miethe, Tanja},
  journal={Canadian Journal of Fisheries and Aquatic Sciences},
  volume={71},
  number={3},
  pages={366--386},
  year={2014},
  publisher={NRC Research Press}
}
